<?xml version="1.0" encoding="UTF-8"?><collection><record><leader>08501ntm a2200661 a 4500</leader><controlfield tag="001">006766378</controlfield><controlfield tag="003">MiAaHDL</controlfield><controlfield tag="005">20190719000000.0</controlfield><controlfield tag="006">m        d        </controlfield><controlfield tag="007">cr bn ---auaua</controlfield><controlfield tag="008">090429s15uu    xx            00| ||ara d</controlfield><datafield tag="035" ind1=" " ind2=" "><subfield code="a">(MiU)006766378</subfield></datafield><datafield tag="035" ind1=" " ind2=" "><subfield code="a">sdr-miu006766378</subfield></datafield><datafield tag="040" ind1=" " ind2=" "><subfield code="a">MiU</subfield><subfield code="c">MiU</subfield><subfield code="e">amremm</subfield></datafield><datafield tag="043" ind1=" " ind2=" "><subfield code="a">n-us-mi</subfield></datafield><datafield tag="100" ind1="1" ind2=" "><subfield code="6">880-01</subfield><subfield code="a">Bihishtī, Ramaḍān ibn ʻAbd al-Muḥsin,</subfield><subfield code="d">d. 1571 or 2.</subfield></datafield><datafield tag="245" ind1="1" ind2="0"><subfield code="6">880-03</subfield><subfield code="a">[Ḥāshiyah ʻalá Ḥāshiyat al-Khayālī wa-Ḥāshiyah ʻalá Sharḥ Masʻūd al-Rūmī wa-Ḥadīth arbaʻīn,</subfield><subfield code="f">late 16th century?].</subfield></datafield><datafield tag="246" ind1="3" ind2=" "><subfield code="i">Title from inscription on front flyleaf:</subfield><subfield code="a">حاشية على الخيالي لبهشتى وحاشية على شرح المسعود الرومي وحديث اربعين ابن كمال</subfield></datafield><datafield tag="246" ind1="3" ind2=" "><subfield code="i">Title from inscription on upper board lining:</subfield><subfield code="a">كتاب حاشية بهشتى للخيالى</subfield></datafield><datafield tag="260" ind1=" " ind2=" "><subfield code="c">[15--?]</subfield></datafield><datafield tag="300" ind1=" " ind2=" "><subfield code="a">99 leaves :</subfield><subfield code="b">paper ;</subfield><subfield code="c">197 x 143 (133 x 75) mm. bound to 197 x 150 mm.</subfield></datafield><datafield tag="500" ind1=" " ind2=" "><subfield code="a">Shelfmark: Ann Arbor, University of Michigan, Special Collections Library, Isl. Ms. 116</subfield></datafield><datafield tag="500" ind1=" " ind2=" "><subfield code="a">Origin: Authorial colophons indicate dates of composition for each of the two works by Bihishtī. As appears in authorial colophon on p.111, compilation and composition of Bihishtī's Ḥāshiyah ʻalá Ḥāshiyat al-Khayālī completed 18th Rajab 949 [ca. 28 October 1542]. As appears in authorial colophon on p.176, compilation/composition of Bihishtī's Ḥāshiyah ʻalá Sharḥ Masʻūd al-Rūmī completed in 959 [1551 or 1552]. Lacks dated scribal colophon ; paper likely suggests late 16th century.</subfield></datafield><datafield tag="500" ind1=" " ind2=" "><subfield code="a">Accompanying materials: Slips carrying notes (paginated pp.63-64 and pp.123-124).</subfield></datafield><datafield tag="500" ind1=" " ind2=" "><subfield code="a">Former shelfmark: British Museum, London "No. 106. Supercommentary on Risalah fi adab il-bahth." ; "۳٧٥" on tail edge of textblock.</subfield></datafield><datafield tag="500" ind1=" " ind2=" "><subfield code="a">Binding: Pasteboards now covered in bright orange coated and textured paper (embossed with scrolling vegetal designs), with brown leather over spine, fore-edge, and edges/turn-ins ; Type II binding (with flap) ; envelope flap and board linings in laid paper ; hinges in brown leather ; interior of envelope flap in faded marbled paper with blind stamped rosette in same brown leather ; sewn in cream thread, two stations, with occasional reinforcements sewn in pink thread ; only traces of endbands remain ; in poor condition with much lifting and tearing of paper, pest damage, staining, abrasion, delamination of boards, fore-edge flap ill-fitting, etc. ; repairs in cloth and textured tape.</subfield></datafield><datafield tag="500" ind1=" " ind2=" "><subfield code="a">Support: European laid paper mainly of two types ; first and second works on a European laid paper with 11 laid lines per cm. (vertical), chain line spaced roughly 31 mm. apart (horizontal), and anchor in circle (with leaf above) watermark, quite thick with some inclusions ; final work on a thinner European laid paper with 11 laid lines per cm. (vertical), chain lines spaced 32-33 mm. apart (horizontal), and bull's head (with eyes and double line above) watermark ; flyleaves in other European laid papers.</subfield></datafield><datafield tag="500" ind1=" " ind2=" "><subfield code="a">Decoration: Keywords, abbreviation symbols, and notabilia rubricated ; textual divders in the form of red discs.</subfield></datafield><datafield tag="500" ind1=" " ind2=" "><subfield code="a">Script: Nastaʻlīq (talik) ; likely two hands, with first two works supplied in one hand, and final work supplied in another hand ; virtually serifless ; mainly closed counters ; slight effect of tilt to the right and of words descending to baseline ; some exaggeration in thickness of horizontal strokes.</subfield></datafield><datafield tag="500" ind1=" " ind2=" "><subfield code="a">Layout: Written in 15 lines per page ; frame-ruled.</subfield></datafield><datafield tag="500" ind1=" " ind2=" "><subfield code="a">Collation: ii, 2 V(20), IV+1 (29), 1 (30), 2 V(50), II (54), 2 V(74), V+1 (85), V (95), II (99), ii ; chiefly quinions ; final word of last line on verso repeated at opening of first line on following recto ; pagination in pencil, Western numerals, supplied during digitization (includes flyleaves and inserts and mistakenly skips two pages between pp.147-148).</subfield></datafield><datafield tag="500" ind1=" " ind2=" "><subfield code="a">Incipit: [Ḥāshiyah ʻalá Ḥāshiyat al-Khayālī] "الحمد لله المتكلم بالكلام وعلى رسوله الصلوة والسلام ... وبعد فيقول اضعف عباد الله القوي رمضان بن محسن الويزوي" ; [Ḥāshiyah ʻalá Sharḥ Masʻūd al-Rūmī] "الحمد لله حمد العاكفين ببابه والصلوة على محمد سيد احبابه ..." ; [Sharḥ Arbaʻīn ḥadīthan] "الحمد لله رب العالمين ... وبعد فقد روينا عن علي بن ابي طالب رضي [الله عنه] ان رسول الله ع م قال من حفظ على امتى اربعين حديثا من امر دينها بعثه الله تعالى يوم القيامة من زمرة الفقهاء والعلماء ... فامتثلت الاشارة العالية في جمع اربعين حديثا ... الحديث الاول السلام قبل الكلام ..."</subfield></datafield><datafield tag="500" ind1=" " ind2=" "><subfield code="a">Title supplied by cataloguer from inscriptions on front flyleaf (p.1) and opening of each text.</subfield></datafield><datafield tag="500" ind1=" " ind2=" "><subfield code="a">Ms. codex.</subfield></datafield><datafield tag="505" ind1="0" ind2=" "><subfield code="a">4. p.177-p.201 : [Sharḥ Arbaʻīn ḥadīthan] / Kemalpaşazade.</subfield></datafield><datafield tag="505" ind1="0" ind2=" "><subfield code="a">3. p.116-p.176 : Ḥāshiyah ʻalá Sharḥ Masʻūd al-Rūmī / Ramaḍān ibn ʻAbd al-Muḥsin Bihishtī.</subfield></datafield><datafield tag="505" ind1="0" ind2=" "><subfield code="a">2. p.112-p.115 : [originally left blank].</subfield></datafield><datafield tag="505" ind1="0" ind2=" "><subfield code="a">1. p.6-p.111 : Ḥāshiyah ʻalá Ḥāshiyat al-Khayālī / Ramaḍān ibn ʻAbd al-Muḥsin Bihishtī.</subfield></datafield><datafield tag="510" ind1="4" ind2=" "><subfield code="a">Brockelmann, C. GAL,</subfield><subfield code="c">SII, 668</subfield></datafield><datafield tag="510" ind1="4" ind2=" "><subfield code="a">Brockelmann, C. GAL,</subfield><subfield code="c">I, 468 ; SI, 849</subfield></datafield><datafield tag="510" ind1="4" ind2=" "><subfield code="a">Brockelmann, C. GAL,</subfield><subfield code="c">I, 428, 468 ; SI 759</subfield></datafield><datafield tag="520" ind1="8" ind2=" "><subfield code="a">Fine copy of two glosses by Ramaḍān ibn ʻAbd al-Muḥsin al-Wayzawī, al-shahīr bi-Bihishti (al-Wazīrī al-Bihishtī in GAL, d. 979/1571-2), the first a supergloss on the gloss of al-Khayālī upon al-Taftāzānī's commentary on al-ʻAqāʼid al-Nasafīyah and the second a gloss upon the commentary by Kamāl al-Dīn Masʻūd al-Shirwānī al-Rūmī (d. 905/1499) on al-Samarqandī's (13th c.) treatise on disputation, Risālah fī ādāb al-baḥth, followed by a treatise by Kemalpaşazade (Ibn Kamāl) on forty hadith.</subfield></datafield><datafield tag="538" ind1=" " ind2=" "><subfield code="a">Mode of access: Internet.</subfield></datafield><datafield tag="541" ind1=" " ind2=" "><subfield code="c">Purchase ;</subfield><subfield code="a">Acquired by purchase along with Abdul Hamid Collection (funds donated by Horace Rackham).</subfield><subfield code="d">1924.</subfield></datafield><datafield tag="546" ind1=" " ind2=" "><subfield code="a">Arabic.</subfield></datafield><datafield tag="561" ind1=" " ind2=" "><subfield code="a">Bookplate of British Museum, London on interior of upper cover, "No. 106. Supercommentary on Risalah fi adab il-bahth." ; circular seal impression with figure of goat/gazelle in purple ink as well as inscription "454" in Western numerals on front flyleaf (p.1) ; circular waqf-seal impression in black ink appears on front flyleaf (p.1) and several places throughout, reads: "هذا وقف الراجي فيض الصمدي الشيخ احمد ضيا الدين ابن مصطفى الخالدي فمن بدله بعد ما سمعه فانما اثمه على الذين يبدلونه" in name of Aḥmad Ḍiyāʼ al-Dīn ibn Muṣṭafá al-Khālidī (i.e. Ahmed Ziyâüddîn Gümüşhanevî, d. 1893 or 4) ; also on front flyleaf (p.1) ownership statement reads "استصحبه الفقير ... في ١۲٠٧ [؟]" ; trace of oval seal impression on front flyleaf (p.1) ; on 'title page' (p.5) and at close of final text on p.201 waqf statement reads "وقف المرحوم محمد جلبى ابن عبد الرحمن جلبى" ; glosses and marginal corrections.</subfield></datafield><datafield tag="600" ind1="1" ind2="0"><subfield code="a">Shirwānī, Masʻūd ibn Ḥusayn,</subfield><subfield code="d">-1499 or 1500.</subfield><subfield code="t">Sharḥ Risālat Ādāb al-baḥth.</subfield></datafield><datafield tag="600" ind1="1" ind2="0"><subfield code="a">Khayālī, Aḥmad ibn Mūsá,</subfield><subfield code="d">-1457?</subfield><subfield code="t">Ḥāshiyah ʻalá Sharḥ al-ʻAqāʼid al-Nasafīyah.</subfield></datafield><datafield tag="650" ind1=" " ind2="0"><subfield code="a">Manuscripts, Arabic</subfield><subfield code="z">Michigan</subfield><subfield code="z">Ann Arbor.</subfield></datafield><datafield tag="650" ind1=" " ind2="0"><subfield code="a">Hadith</subfield><subfield code="x">Criticism, interpretation, etc.</subfield></datafield><datafield tag="650" ind1=" " ind2="0"><subfield code="a">Dialectic</subfield><subfield code="v">Early works to 1800.</subfield></datafield><datafield tag="650" ind1=" " ind2="0"><subfield code="a">Islam</subfield><subfield code="x">Doctrines</subfield><subfield code="v">Early works to 1800.</subfield></datafield><datafield tag="700" ind1="0" ind2="2"><subfield code="6">880-07</subfield><subfield code="a">Kemalpaşazade,</subfield><subfield code="d">1468 or 1469-1534.</subfield><subfield code="t">Sharḥ arbaʻīn ḥadīthan.</subfield></datafield><datafield tag="740" ind1="0" ind2="2"><subfield code="a">Ḥāshiyah ʻalá Sharḥ Masʻūd al-Rūmī</subfield></datafield><datafield tag="773" ind1="0" ind2=" "><subfield code="a">Tiflis Collection.</subfield></datafield><datafield tag="880" ind1="0" ind2="2"><subfield code="6">700-07/</subfield><subfield code="a">ابن كمال باشا، احمد بن سليمان.</subfield><subfield code="t">شرح اربعين حديثا.</subfield></datafield><datafield tag="880" ind1="1" ind2="0"><subfield code="6">245-03/</subfield><subfield code="a">[حاشية على حاشية الخيالي وحاشية على شرح مسعود الرومي وحديث اربعين,</subfield><subfield code="f">اواخر القرن 16م؟].</subfield></datafield><datafield tag="880" ind1="1" ind2=" "><subfield code="6">100-01/</subfield><subfield code="a">بهشتي، رمضان بن عبد المحسن.</subfield></datafield><datafield tag="CID" ind1=" " ind2=" "><subfield code="a">006766378</subfield></datafield><datafield tag="DAT" ind1="0" ind2=" "><subfield code="a">20190719102634.0</subfield><subfield code="b">20190719000000.0</subfield></datafield><datafield tag="DAT" ind1="1" ind2=" "><subfield code="a">20190719090653.0</subfield><subfield code="b">2019-07-19T16:11:02Z</subfield></datafield><datafield tag="DAT" ind1="2" ind2=" "><subfield code="a">2015-10-10T18:00:06Z</subfield></datafield><datafield tag="CAT" ind1=" " ind2=" "><subfield code="a">SDR-MIU</subfield><subfield code="d">EX LIBRIS - ALEPH</subfield><subfield code="l">prepare.pl-004-008</subfield></datafield><datafield tag="FMT" ind1=" " ind2=" "><subfield code="a">BK</subfield></datafield><datafield tag="HOL" ind1=" " ind2=" "><subfield code="0">sdr-miu006766378</subfield><subfield code="a">MiU</subfield><subfield code="b">SDR</subfield><subfield code="c">MIU</subfield><subfield code="p">mdp.39015079125418</subfield><subfield code="s">MIU</subfield><subfield code="1">006766378</subfield></datafield><datafield tag="974" ind1=" " ind2=" "><subfield code="b">MIU</subfield><subfield code="c">MIU</subfield><subfield code="d">20190719</subfield><subfield code="s">lit-dlps-dc</subfield><subfield code="u">mdp.39015079125418</subfield><subfield code="y">1599</subfield><subfield code="r">pd</subfield><subfield code="q">bib</subfield><subfield code="t">non-US bib date1 &lt; 1896</subfield></datafield></record></collection>